<?xml version="1.0" encoding="UTF-8"?><collection xmlns="http://www.loc.gov/MARC21/slim"><record><leader>00357nam--2200121-i-4500</leader><controlfield tag="001">000037892</controlfield><controlfield tag="002">20161230</controlfield><controlfield tag="005">20161230201041</controlfield><controlfield tag="008">060222s1000------------r-----000-0-eng-d</controlfield><datafield ind1=" " ind2=" " tag="080"><subfield code="a">061(4)</subfield></datafield><datafield ind1=" " ind2=" " tag="245"><subfield code="a">Neuvieme rapport general sur l`activite de la communaute. (mars 1965-fevrier 19660. ed.provisoire</subfield></datafield><datafield ind1=" " ind2=" " tag="260"><subfield code="a">/Brussels/, Euratom, 1966, P.Dif</subfield></datafield><datafield ind1=" " ind2=" " tag="852"><subfield code="a">24548</subfield></datafield></record></collection>